{
  "leader": "03619cam a2200505Ia 4500",
  "fields": [
    {
      "001": "ocm26973006\\"
    },
    {
      "003": "OCoLC"
    },
    {
      "005": "20220104123706.0"
    },
    {
      "008": "921113r19891987maua\\\\\\\\\\b\\\\\\\\101\\0\\eng\\d"
    },
    {
      "010": {
        "ind1": "\\",
        "ind2": "\\",
        "subfields": [
          {
            "a": "   91050619 "
          }
        ]
      }
    },
    {
      "040": {
        "ind1": "\\",
        "ind2": "\\",
        "subfields": [
          {
            "a": "CUY"
          },
          {
            "b": "eng"
          },
          {
            "c": "CUY"
          },
          {
            "d": "UBA"
          },
          {
            "d": "OCL"
          },
          {
            "d": "EL{dollar}"
          },
          {
            "d": "BAKER"
          },
          {
            "d": "TVW"
          },
          {
            "d": "YDXCP"
          },
          {
            "d": "E3Q"
          },
          {
            "d": "OCLCG"
          },
          {
            "d": "DEBBG"
          },
          {
            "d": "DEBSZ"
          },
          {
            "d": "GBVCP"
          },
          {
            "d": "OCLCQ"
          },
          {
            "d": "OCLCO"
          },
          {
            "d": "OCLCF"
          },
          {
            "d": "OCLCQ"
          },
          {
            "d": "AU@"
          },
          {
            "d": "THD"
          },
          {
            "d": "OCL"
          },
          {
            "d": "EUW"
          },
          {
            "d": "OCLCQ"
          },
          {
            "d": "OCLCA"
          },
          {
            "d": "OCLCQ"
          },
          {
            "d": "OCLCO"
          },
          {
            "d": "OCLCA"
          },
          {
            "d": "GILDS"
          },
          {
            "d": "UKUOY"
          },
          {
            "d": "OCLCQ"
          },
          {
            "d": "OCLCA"
          },
          {
            "d": "EXG"
          },
          {
            "d": "OCLCO"
          },
          {
            "d": "IL4J6"
          },
          {
            "d": "OCLCO"
          },
          {
            "d": "OCLCA"
          },
          {
            "d": "OCLCO"
          }
        ]
      }
    },
    {
      "019": {
        "ind1": "\\",
        "ind2": "\\",
        "subfields": [
          {
            "a": "787513174"
          },
          {
            "a": "970443134"
          },
          {
            "a": "1008852177"
          },
          {
            "a": "1069453167"
          }
        ]
      }
    },
    {
      "020": {
        "ind1": "\\",
        "ind2": "\\",
        "subfields": [
          {
            "a": "0262521377"
          },
          {
            "q": "(pbk.)"
          }
        ]
      }
    },
    {
      "020": {
        "ind1": "\\",
        "ind2": "\\",
        "subfields": [
          {
            "a": "9780262521376"
          },
          {
            "q": "(pbk.)"
          }
        ]
      }
    },
    {
      "020": {
        "ind1": "\\",
        "ind2": "\\",
        "subfields": [
          {
            "a": "0262022621"
          }
        ]
      }
    },
    {
      "020": {
        "ind1": "\\",
        "ind2": "\\",
        "subfields": [
          {
            "a": "9780262022620"
          }
        ]
      }
    },
    {
      "035": {
        "ind1": "\\",
        "ind2": "\\",
        "subfields": [
          {
            "a": "(OCoLC)26973006"
          },
          {
            "z": "(OCoLC)787513174"
          },
          {
            "z": "(OCoLC)970443134"
          },
          {
            "z": "(OCoLC)1008852177"
          },
          {
            "z": "(OCoLC)1069453167"
          }
        ]
      }
    },
    {
      "050": {
        "ind1": "1",
        "ind2": "4",
        "subfields": [
          {
            "a": "T14.5"
          },
          {
            "b": ".S6375 1987"
          }
        ]
      }
    },
    {
      "082": {
        "ind1": "0",
        "ind2": "4",
        "subfields": [
          {
            "a": "303.483"
          },
          {
            "b": "SOC"
          }
        ]
      }
    },
    {
      "245": {
        "ind1": "0",
        "ind2": "4",
        "subfields": [
          {
            "a": "The social construction of technological systems :"
          },
          {
            "b": "new directions in the sociology and history of technology /"
          },
          {
            "c": "edited by Wiebe E. Bijker, Thomas P. Hughes, and Trevor J. Pinch."
          }
        ]
      }
    },
    {
      "250": {
        "ind1": "\\",
        "ind2": "\\",
        "subfields": [
          {
            "a": "1st MIT Press pbk. ed."
          }
        ]
      }
    },
    {
      "260": {
        "ind1": "\\",
        "ind2": "\\",
        "subfields": [
          {
            "a": "Cambridge, Mass. :"
          },
          {
            "b": "MIT Press,"
          },
          {
            "c": "1989."
          }
        ]
      }
    },
    {
      "300": {
        "ind1": "\\",
        "ind2": "\\",
        "subfields": [
          {
            "a": "x, 405 pages :"
          },
          {
            "b": "illustrations ;"
          },
          {
            "c": "23 cm"
          }
        ]
      }
    },
    {
      "336": {
        "ind1": "\\",
        "ind2": "\\",
        "subfields": [
          {
            "a": "text"
          },
          {
            "b": "txt"
          },
          {
            "2": "rdacontent"
          }
        ]
      }
    },
    {
      "337": {
        "ind1": "\\",
        "ind2": "\\",
        "subfields": [
          {
            "a": "unmediated"
          },
          {
            "b": "n"
          },
          {
            "2": "rdamedia"
          }
        ]
      }
    },
    {
      "338": {
        "ind1": "\\",
        "ind2": "\\",
        "subfields": [
          {
            "a": "volume"
          },
          {
            "b": "nc"
          },
          {
            "2": "rdacarrier"
          }
        ]
      }
    },
    {
      "500": {
        "ind1": "\\",
        "ind2": "\\",
        "subfields": [
          {
            "a": "Papers of a workshop held at the University of Twente, The Netherlands, in July 1984."
          }
        ]
      }
    },
    {
      "500": {
        "ind1": "\\",
        "ind2": "\\",
        "subfields": [
          {
            "a": "Originally published as hardback in 1987."
          }
        ]
      }
    },
    {
      "504": {
        "ind1": "\\",
        "ind2": "\\",
        "subfields": [
          {
            "a": "Includes bibliographical references (pages 349-372)-and indexes."
          }
        ]
      }
    },
    {
      "505": {
        "ind1": "0",
        "ind2": "0",
        "subfields": [
          {
            "t": "The social construction of facts and artifacts : or how the sociology of science and the sociology of technology might benefit each other /"
          },
          {
            "r": "Trevor J. Pinch and Wiebe E. Bijker --"
          },
          {
            "t": "The evolution of large technological systems /"
          },
          {
            "r": "Thomas P. Hughes --"
          },
          {
            "t": "Society in the making : the study of technology as a tool for sociological analysis /"
          },
          {
            "r": "Michel Callon --"
          },
          {
            "t": "Technology and heterogeneous engineering : the case of Portuguese expansion /"
          },
          {
            "r": "John Law --"
          },
          {
            "t": "The Nelson-Winter-Dosi model and synthetic dye chemistry /"
          },
          {
            "r": "Henk van den Belt and Arie Rip --"
          },
          {
            "t": "The social construction of bakelite : toward a theory of invention /"
          },
          {
            "r": "Wiebe E. Bijker --"
          },
          {
            "t": "Missile accuracy : a case study in the social processes of technological change /"
          },
          {
            "r": "Donald MacKenzie --"
          },
          {
            "t": "The social locus of technological practice : community, system, or organization? /"
          },
          {
            "r": "Edward W. Constant II --"
          },
          {
            "t": "Regulatory science and the social management of trust in medicine /"
          },
          {
            "r": "Henk J.H.W. Bodewitz, Henk Buurma, and Gerard H. de Vries --"
          },
          {
            "t": "The consumption junction : a proposal for research strategies in the sociology of technology /"
          },
          {
            "r": "Ruth Schwartz Cowan --"
          },
          {
            "t": "Seeing with sound : a study of the development of medical images /"
          },
          {
            "r": "Edward Yoxen --"
          },
          {
            "t": "Reconstructing man and machine : a note on sociological critiques of cognitivism /"
          },
          {
            "r": "Steve Woolgar --"
          },
          {
            "t": "Expert systems and the science of knowledge /"
          },
          {
            "r": "H.M. Collins."
          }
        ]
      }
    },
    {
      "583": {
        "ind1": "1",
        "ind2": "\\",
        "subfields": [
          {
            "a": "Self-Renewing"
          },
          {
            "c": "2017"
          },
          {
            "5": "UoY"
          }
        ]
      }
    },
    {
      "650": {
        "ind1": "\\",
        "ind2": "0",
        "subfields": [
          {
            "a": "Technology"
          },
          {
            "x": "Sociological aspects"
          },
          {
            "v": "Congresses."
          }
        ]
      }
    },
    {
      "650": {
        "ind1": "\\",
        "ind2": "2",
        "subfields": [
          {
            "a": "Technology"
          }
        ]
      }
    },
    {
      "650": {
        "ind1": "\\",
        "ind2": "2",
        "subfields": [
          {
            "a": "Sociology"
          }
        ]
      }
    },
    {
      "650": {
        "ind1": "\\",
        "ind2": "7",
        "subfields": [
          {
            "a": "Technology"
          },
          {
            "x": "Sociological aspects."
          },
          {
            "2": "fast"
          },
          {
            "0": "(OCoLC)fst01145216"
          }
        ]
      }
    },
    {
      "655": {
        "ind1": "\\",
        "ind2": "7",
        "subfields": [
          {
            "a": "Conference papers and proceedings."
          },
          {
            "2": "fast"
          },
          {
            "0": "(OCoLC)fst01423772"
          }
        ]
      }
    },
    {
      "655": {
        "ind1": "\\",
        "ind2": "7",
        "subfields": [
          {
            "a": "Conference papers and proceedings."
          },
          {
            "2": "lcgft"
          }
        ]
      }
    },
    {
      "700": {
        "ind1": "1",
        "ind2": "\\",
        "subfields": [
          {
            "a": "Bijker, Wiebe E."
          }
        ]
      }
    },
    {
      "700": {
        "ind1": "1",
        "ind2": "\\",
        "subfields": [
          {
            "a": "Hughes, Thomas Parke."
          }
        ]
      }
    },
    {
      "700": {
        "ind1": "1",
        "ind2": "\\",
        "subfields": [
          {
            "a": "Pinch, Trevor,"
          },
          {
            "d": "1952-"
          }
        ]
      }
    },
    {
      "856": {
        "ind1": "4",
        "ind2": "1",
        "subfields": [
          {
            "3": "Table of contents"
          },
          {
            "q": "text/html"
          },
          {
            "u": "http://swbplus.bsz-bw.de/bsz019297211inh.htm"
          }
        ]
      }
    },
    {
      "856": {
        "ind1": "4",
        "ind2": "1",
        "subfields": [
          {
            "3": "Table of contents"
          },
          {
            "u": "http://www.gbv.de/dms/bowker/toc/9780262521376.pdf"
          }
        ]
      }
    },
    {
      "994": {
        "ind1": "\\",
        "ind2": "\\",
        "subfields": [
          {
            "a": "Z0"
          },
          {
            "b": "NYRVC"
          }
        ]
      }
    },
    {
      "948": {
        "ind1": "\\",
        "ind2": "\\",
        "subfields": [
          {
            "h": "NO HOLDINGS IN NYRVC - 196 OTHER HOLDINGS"
          }
        ]
      }
    },
    {
      "999": {
        "ind1": "\\",
        "ind2": "\\",
        "subfields": [
          {
            "a": "00000000015036"
          }
        ]
      }
    }
  ]
}